<record><leader>00000cas a22000007a 4500</leader><controlfield tag="001">13511307</controlfield><controlfield tag="008">860430d19411979wiuwr ne      0    0eng d</controlfield><datafield ind1=" " ind2=" " tag="010"><subfield code="a">sn 86086200 </subfield></datafield><datafield ind1=" " ind2=" " tag="040"><subfield code="a">NPV</subfield><subfield code="b">eng</subfield><subfield code="c">NPV</subfield><subfield code="d">OCLCQ</subfield></datafield><datafield ind1=" " ind2=" " tag="042"><subfield code="a">msc</subfield></datafield><datafield ind1=" " ind2=" " tag="045"><subfield code="a">x4x7</subfield></datafield><datafield ind1=" " ind2=" " tag="052"><subfield code="a">4123</subfield><subfield code="b">C7</subfield></datafield><datafield ind1="0" ind2="4" tag="245"><subfield code="a">The Crawford County independent.</subfield></datafield><datafield ind1=" " ind2=" " tag="260"><subfield code="a">Gays Mills, Wis. :</subfield><subfield code="b">L.E. Wetmore,</subfield><subfield code="c">1941-1979.</subfield></datafield><datafield ind1=" " ind2=" " tag="300"><subfield code="a">v. :</subfield><subfield code="b">ill.</subfield></datafield><datafield ind1=" " ind2=" " tag="310"><subfield code="a">Weekly</subfield></datafield><datafield ind1="0" ind2=" " tag="362"><subfield code="a">Vol. 38, no. 10 (July 24, 1941)-v. 75, no. 19 (Sept. 13, 1979).</subfield></datafield><datafield ind1=" " ind2=" " tag="500"><subfield code="a">Publisher varies.</subfield></datafield><datafield ind1=" " ind2=" " tag="500"><subfield code="a">Editors: L. Wetmore, July 24, 1941-Sept. 20, 1945; J.P. Kegel, Sept. 27, 1945-Dec. 27, 1945; D. Mahoney, Jan. 3, 1946-Jan. 2, 1947; J.D. Kegel, Jan. 9, 1947-April 3, 1947; G.L. Hagar, April 10, 1947-May 18, 1947; Sept. 23, 1964-Aug. 30, 1967; P. Swiggum, Sept. 6, 1967-June 12, 1968.</subfield></datafield><datafield ind1=" " ind2=" " tag="525"><subfield code="a">Supplements accompany some issues.</subfield></datafield><datafield ind1=" " ind2=" " tag="530"><subfield code="a">Available on microfilm from the State Historical Society of Wisconsin.</subfield></datafield><datafield ind1=" " ind2=" " tag="752"><subfield code="a">United States</subfield><subfield code="b">Wisconsin</subfield><subfield code="c">Crawford</subfield><subfield code="d">Gays Mills.</subfield></datafield><datafield ind1=" " ind2=" " tag="752"><subfield code="a">United States</subfield><subfield code="b">Wisconsin</subfield><subfield code="c">Crawford</subfield><subfield code="d">Wauzeka.</subfield></datafield><datafield ind1="0" ind2="0" tag="780"><subfield code="t">Independent (Gays Mills, Wis.)</subfield><subfield code="w">(DLC)sn 86086199</subfield></datafield><datafield ind1="0" ind2="5" tag="780"><subfield code="t">Wauzeka chief (Gays Mills, Wis.)</subfield><subfield code="w">(DLC)sn 85040784</subfield></datafield><datafield ind1="0" ind2="0" tag="785"><subfield code="t">Crawford County independent and the Kickapoo scout</subfield><subfield code="w">(DLC)sn 86086201</subfield></datafield><datafield ind1="1" ind2=" " tag="029"><subfield code="a">AU@</subfield><subfield code="b">000025824672</subfield></datafield></record>